@online{stv-ers,
author = {{Electorial Reform Society}},
title = {What is STV?},
year = 2015,
urldate = {2017-04-02},
url = {http://web.archive.org/web/20170227191342/http://electoral-reform.org.uk/sites/default/files/What-is-STV.pdf}}
